@article{john2024csp,
  author  = {Belalcazar, John Freddy},
  title   = {Notas sobre modelamiento de CSP},
  journal = {Preprint},
  year    = {2024}
}
