@article{nicolas2024csp,
  author  = {Herrera Marulanda, Nicolas},
  title   = {Restricciones redundantes y rompimiento de simetr√≠as},
  journal = {Preprint},
  year    = {2024}
}
