@article{samuel2024csp,
  author  = {Galindo Cuevas, Samuel},
  title   = {Estrategias de b√∫squeda en MiniZinc},
  journal = {Preprint},
  year    = {2024}
}
